% Encoding: UTF-8

@Article{Dijkstra68Letters,
  author    = {Dijkstra, E. W.},
  title     = {{Letters to the editor: go to statement considered harmful}},
  journal   = {Commun. ACM},
  year      = {1968},
  volume    = {11},
  number    = {3},
  pages     = {147--148},
  issn      = {0001-0782},
  address   = {New York, NY, USA},
  doi       = {http://doi.acm.org/10.1145/362929.362947},
  publisher = {ACM},
}

@misc{latexTables,
  title = {{WIKIBOOKS} LaTeX/Tables},
  howpublished = {\url{https://en.wikibooks.org/wiki/LaTeX/Tables}},
}
@Comment{jabref-meta: databaseType:bibtex;}
