@article{LangleyApollo,
	author = {Langley, Robert D.},
	title = {{Apollo Experience Report - The Docking System}},
	journal = {},
	volume = {},
	number = {},
	year = {1972},
	issn = {},
	pages = {},
	doi = {},
	publisher = {NASA},
	address = {Huston, Texas, USA},
}

@inproceedings{Zimpfer2005,
  doi = {10.2514/6.2005-2523},
  url = {https://doi.org/10.2514/6.2005-2523},
  year = {2005},
  month = jan,
  publisher = {American Institute of Aeronautics and Astronautics},
  author = {Douglas Zimpfer and Peter Kachmar and Seamus Tuohy},
  title = {Autonomous Rendezvous,  Capture and In-Space Assembly:Past,  Present and Future},
  booktitle = {1st Space Exploration Conference: Continuing the Voyage of Discovery}
}

@article{Sharma2016,
  doi = {10.1016/j.actaastro.2015.12.032},
  url = {https://doi.org/10.1016/j.actaastro.2015.12.032},
  year = {2016},
  month = jun,
  publisher = {Elsevier {BV}},
  volume = {123},
  pages = {435--445},
  author = {Sumant Sharma and Simone D'Amico},
  title = {Comparative assessment of techniques for initial pose estimation using monocular vision},
  journal = {Acta Astronautica}
}

@inproceedings{Casti2019,
  doi = {10.1117/12.2536209},
  url = {https://doi.org/10.1117/12.2536209},
  year = {2019},
  month = jul,
  publisher = {{SPIE}},
  author = {M. Casti and A. Bemporad and S. Fineschi and G. Capobianco and D. Loreggia and V. Noce and F. Landini and C. Thizy and D. Galano and R. Rougeot},
  editor = {Nikos Karafolas and Zoran Sodnik and Bruno Cugny},
  title = {{PROBA}-3 formation-flying metrology: algorithms for the shadow position sensor system},
  booktitle = {International Conference on Space Optics {\textemdash} {ICSO} 2018}
}

@book{2013Damico,
  doi = {10.1007/978-1-4614-4541-8},
  url = {https://doi.org/10.1007/978-1-4614-4541-8},
  year = {2013},
  publisher = {Springer New York},
  editor = {Marco D{\textquotesingle}Errico},
  title = {Distributed Space Missions for Earth System Monitoring}
}

@article{Sharma2018,
  doi = {10.2514/1.a34124},
  url = {https://doi.org/10.2514/1.a34124},
  year = {2018},
  month = nov,
  publisher = {American Institute of Aeronautics and Astronautics ({AIAA})},
  volume = {55},
  number = {6},
  pages = {1414--1429},
  author = {Sumant Sharma and Jacopo Ventura and Simone D'Amico},
  title = {Robust Model-Based Monocular Pose Initialization for Noncooperative Spacecraft Rendezvous},
  journal = {Journal of Spacecraft and Rockets}
}

@phdthesis{2016Ventura,
  author       = {Jacopo Ventura}, 
  title        = {Autonomous Proximity Operations for Noncooperative Space Target},
  school       = {Technical University of Munich},
  year         = 2016,
  address      = {Arcisstrabe 21, Munich, Bavaria, 80333, Germany},
  month        = 12,
  note         = {}
}

@phdthesis{2019phdSharma,
  author       = {Sumant Sharma},
  title        = {Pose Estimation of Uncooperative Spacecraft Using Monocular Vision and Deep Learning},
  school       = {Stanford University},
  year         = 2019,
  address      = {450 Serra Mall, Stanford, CA 94305, USA},
  month        = 9,
  note         = {}
}

@article{Opromolla2017,
  doi = {10.1016/j.paerosci.2017.07.001},
  url = {https://doi.org/10.1016/j.paerosci.2017.07.001},
  year = {2017},
  month = aug,
  publisher = {Elsevier {BV}},
  volume = {93},
  pages = {53--72},
  author = {Roberto Opromolla and Giancarmine Fasano and Giancarlo Rufino and Michele Grassi},
  title = {A review of cooperative and uncooperative spacecraft pose determination techniques for close-proximity operations},
  journal = {Progress in Aerospace Sciences}
}

@article{2001FormationFliying,
  author={Bauer,F. H. and Bristow,J. O. and Carpenter,J. R. and Garrison,J. L. and Hartman,K. R. and Lee,T. and Long,A. C. and Kelbel,D. and Lu,V. and How,J. P. and Busse,F. and Axelrad,P. and Moreau,M.},
  year={2001},
  title={Enabling spacecraft formation flying in any earth orbit through spaceborne GPS and enhanced autonomy technologies},
  journal={Space Technology},
  volume={20},
  number={4},
  pages={175-185},
  language={English},
}

@book{2009FormationFliying,
  year = {2009},
  publisher = {Elsevier},
  author = {Kyle Alfriend Srinivas Vadali Pini Gurfil Jonathan How Louis Breger},
  title = {Spacecraft Formation Flying}
}

@article{FloresAbad2014,
  doi = {10.1016/j.paerosci.2014.03.002},
  url = {https://doi.org/10.1016/j.paerosci.2014.03.002},
  year = {2014},
  month = jul,
  publisher = {Elsevier {BV}},
  volume = {68},
  pages = {1--26},
  author = {Angel Flores-Abad and Ou Ma and Khanh Pham and Steve Ulrich},
  title = {A review of space robotics technologies for on-orbit servicing},
  journal = {Progress in Aerospace Sciences}
}

@article{Tatsch2006,
  author={Tatsch,A. and Fitz-Coy,N. and Gladun,S.},
  year={2006},
  journal={On-Orbit Servicing: A Brief Survey},
  pages={21-23},
}

@inproceedings{clerc2012astrium,
  title={Astrium vision on space debris removal},
  author={Clerc, Xavier and Retat, Ingo},
  booktitle={Proceeding of the 63rd International Astronautical Congress (IAC 2012), Napoli, Italy},
  volume={15},
  year={2012}
}

@article{Bonnal2013,
  doi = {10.1016/j.actaastro.2012.11.009},
  url = {https://doi.org/10.1016/j.actaastro.2012.11.009},
  year = {2013},
  month = apr,
  publisher = {Elsevier {BV}},
  volume = {85},
  pages = {51--60},
  author = {Christophe Bonnal and Jean-Marc Ruault and Marie-Christine Desjean},
  title = {Active debris removal: Recent progress and current trends},
  journal = {Acta Astronautica}
}

@article{pesciolino,
  doi = {10.1016/j.ast.2018.11.042},
  url = {https://doi.org/10.1016/j.ast.2018.11.042},
  year = {2019},
  month = jan,
  publisher = {Elsevier {BV}},
  volume = {84},
  pages = {1070--1080},
  author = {Vincenzo Pesce and Roberto Opromolla and Salvatore Sarno and Mich{\`{e}}le Lavagna and Michele Grassi},
  title = {Autonomous relative navigation around uncooperative spacecraft based on a single camera},
  journal = {Aerospace Science and Technology}
}

@inproceedings{Volpe2017,
  doi = {10.1109/aero.2017.7943759},
  url = {https://doi.org/10.1109/aero.2017.7943759},
  year = {2017},
  month = mar,
  publisher = {{IEEE}},
  author = {Renato Volpe and Giovanni B. Palmerini and Christian Circi},
  title = {Preliminary analysis of visual navigation performance in close formation flying},
  booktitle = {2017 {IEEE} Aerospace Conference}
}

@book{Markley2014,
  doi = {10.1007/978-1-4939-0802-8},
  url = {https://doi.org/10.1007/978-1-4939-0802-8},
  year = {2014},
  publisher = {Springer New York},
  author = {F. Landis Markley and John L. Crassidis},
  title = {Fundamentals of Spacecraft Attitude Determination and Control}
}

@book{Wertz1978,
  doi = {10.1007/978-94-009-9907-7},
  url = {https://doi.org/10.1007/978-94-009-9907-7},
  year = {1978},
  publisher = {Springer Netherlands},
  editor = {James R. Wertz},
  title = {Spacecraft Attitude Determination and Control}
}

@techreport{Davis2014,
  author       = {Jeremy Davis}, 
  title        = {Mathematical Modeling of Earth's Magnetic Field},
  institution  = {Virginia Tech},
  year         = 2014,
  address      = {Blacksburg, VA 24061},
  month        = 5,
  note         = {}
}

@mastersthesis{fracchio2019,
  author       = {Pierdomenico Fracchiolla}, 
  title        = {Analysis and Varlidation of a Vision-Based Pose Initialization Algorithm for Non-Cooperatie Spacecrafts},
  school       = {Universit√† degli Studi di Padova},
  year         = 2019,
  address      = {Padova},
  month        = {},
  note         = {}
}

@article{D2014,
  doi = {10.1504/ijspacese.2014.060600},
  url = {https://doi.org/10.1504/ijspacese.2014.060600},
  year = {2014},
  publisher = {Inderscience Publishers},
  volume = {2},
  number = {2},
  pages = {171},
  author = {Simone D{\textquotesingle} and N.A. Amico and Mathias Benn and John L. J{\o}rgensen},
  title = {Pose estimation of an uncooperative spacecraft from actual space imagery},
  journal = {International Journal of Space Science and Engineering}
}
